@book{iarc1987overall,
  title={Overall evaluations of carcinogenicity: an updating of IARC monographs volumes 1 to 42},
  author={IARC},
  volume={7},
  year={1987},
  publisher={World Health Organization and International Agency for Research on Cancer}
}

@article{thoma2011,
	title={Facility Fence-Line Monitoring Using Passive Samplers},
	author={Thoma, Eben D and Miller, Michael C and Chung, Kuenja C and Parsons, Nicholas L and Shine, Brenda C},
	journal={Journal of the Air \& Waste Management Association},
	volume={61},
	number={8},
	pages={834--842},
	year={2011},
	publisher={Taylor \& Francis}
}


@article{snyder2013,
	author = {Snyder, Emily G. and Watkins, Timothy H. and Solomon, Paul A. and Thoma, Eben D. and Williams, Ronald W. and Hagler, Gayle S. W. and Shelow, David and Hindin, David A. and Kilaru, Vasu J. and Preuss, Peter W.},
	title = {The Changing Paradigm of Air Pollution Monitoring},
	journal = {Environmental Science \& Technology},
	volume = {47},
	number = {20},
	pages = {11369-11377},
	year = {2013},
	doi = {10.1021/es4022602},
	note ={PMID: 23980922},
	
	URL = { 
	http://dx.doi.org/10.1021/es4022602
	
	},
	eprint = { 
	http://dx.doi.org/10.1021/es4022602
	
	}
	
}

@article{rabaud2001,
	author = {Rabaud, Nicole E. and James, Teresa A. and Ashbaugh, Lowell L. and Flocchini, Robert G.},
	title = {A Passive Sampler for the Determination of Airborne Ammonia Concentrations near Large-Scale Animal Facilities},
	journal = {Environmental Science \& Technology},
	volume = {35},
	number = {6},
	pages = {1190-1196},
	year = {2001},
	doi = {10.1021/es0012624},
	note ={PMID: 11347932},
	
	URL = { 
	http://dx.doi.org/10.1021/es0012624
	
	},
	eprint = { 
	http://dx.doi.org/10.1021/es0012624
	
	}
	
}

@misc{QUIC, 
	author = {Pardyjak, E. R.  and M. J. Brown},
	title = {Quick Urban \& Industrial Complex ({QUIC}) Dispersion Modeling System},
	note = {\url{http://www.lanl.gov/projects/quic/}, Accessed Dec 7, 2015}
	}

@article{mukerjee2009,
	title={Field comparison of passive air samplers with reference monitors for ambient volatile organic compounds and nitrogen dioxide under week-long integrals},
	author={Mukerjee, Shaibal and Oliver, Karen D and Seila, Robert L and Jacumin Jr, Henry H and Croghan, Carry and Daughtrey Jr, E Hunter and Neas, Lucas M and Smith, Luther A},
	journal={Journal of Environmental Monitoring},
	volume={11},
	number={1},
	pages={220--227},
	year={2009},
	publisher={Royal Society of Chemistry}
}

@article{wan2015, 
	title = {Investigation of a Low Cost Sensor-Based Leak Detection System for Fence Line Applications}, 
	author = {Jiao, W. and Thoma, E. and Brantley, H. and Squier,B. and Mitchell, B. and Escobar, E. and Modrak, M. and Amin, S. and G. Wiley}, 
	journal = {80th Annual Meeting of the Air \& Waste Management Association}, 
	volume = {Raleigh, NC, June 23 - 26, 2015}
}

@misc{fencelinerule, 
	title = {Petroleum Refinery Sector Risk and Technology Review and New Source Performance Standards},
	author = {EPA}, 
	year={2014},
	volume = {40 CFR 60},
	issue = {79 FR 36879},
	note={\url{https://www.federalregister.gov/articles/2014/06/30/2014-12167/petroleum-refinery-sector-risk-and-technology-review-and-new-source-performance-standards} Accessed Dec 7, 2015} 
	}
	
@book{gelfand2010,
	title={Handbook of spatial statistics},
	author={Gelfand, Alan E and Diggle, Peter and Guttorp, Peter and Fuentes, Montserrat},
	year={2010},
	publisher={CRC Press}
	}
	
@manual{python, 
	title = {Python Language Reference, version 2.7.9},
	author = {Python Software Foundation},
	year = {2015},
	note = {\url{www.python.org}, Accessed Dec 7, 2015}
}	

@Misc{scipy,
	author =    {Eric Jones and Travis Oliphant and Pearu Peterson and others},
	title =     {{SciPy}: Open source scientific tools for {Python}},
	year =      {2001--},
	note = {\url{http://www.scipy.org}, Accessed Dec 7, 2015}
}